<record xmlns='http://www.loc.gov/MARC21/slim'><leader>01894ckmaa2200373Ia 4500</leader><controlfield tag='001'>6959339</controlfield><controlfield tag='005'>20200928170026.0</controlfield><controlfield tag='008'>120126q16731674ir nnn            anper d</controlfield><datafield ind1=' ' ind2=' ' tag='035'><subfield code='a'>(OCoLC)ocn773928377</subfield></datafield><datafield ind1=' ' ind2=' ' tag='035'><subfield code='a'>6959339</subfield></datafield><datafield ind1=' ' ind2=' ' tag='040'><subfield code='a'>PUL</subfield><subfield code='c'>PUL</subfield><subfield code='e'>gihc</subfield></datafield><datafield ind1=' ' ind2=' ' tag='066'><subfield code='c'>(3</subfield></datafield><datafield ind1=' ' ind2=' ' tag='035'><subfield code='a'>(OCoLC)773928377</subfield></datafield><datafield ind1='0' ind2=' ' tag='041'><subfield code='a'>per</subfield></datafield><datafield ind1=' ' ind2=' ' tag='043'><subfield code='a'>a-ir---</subfield></datafield><datafield ind1='0' ind2=' ' tag='100'><subfield code='6'>880-01</subfield><subfield code='a'>Muʻīn Muṣavvir,</subfield><subfield code='d'>active 1635-1697.</subfield><subfield code='0'>http://id.loc.gov/authorities/names/no2017089000</subfield></datafield><datafield ind1='1' ind2='0' tag='245'><subfield code='a'>[Portrait of Riz̤ā ʻAbbāsī].</subfield></datafield><datafield ind1=' ' ind2=' ' tag='260'><subfield code='a'>[Iran,</subfield><subfield code='c'>1673 or 4]</subfield></datafield><datafield ind1=' ' ind2=' ' tag='300'><subfield code='a'>1 painting on paper :</subfield><subfield code='b'>gouache and gold ;</subfield><subfield code='c'>image 18.7 x 10.3 cm.</subfield></datafield><datafield ind1=' ' ind2=' ' tag='500'><subfield code='a'>Image + illuminated frame: 32.4 x 21.3 cm.</subfield></datafield><datafield ind1=' ' ind2=' ' tag='500'><subfield code='a'>Mounted: 51.4 x 41.3 cm.</subfield></datafield><datafield ind1=' ' ind2=' ' tag='500'><subfield code='a'>Gouache and gold on paper; portrait is framed in illuminated borders; mounted on cardboard. Entire piece framed in modern black frame with ivory matting and glass.</subfield></datafield><datafield ind1=' ' ind2=' ' tag='500'><subfield code='a'>Dated Ramaḍān 1084 H [December 1673 or January 1674].</subfield></datafield><datafield ind1='4' ind2=' ' tag='510'><subfield code='a'>Moghadam, M. E. et al. Garrett collection,</subfield><subfield code='c'>no. 200</subfield></datafield><datafield ind1='8' ind2=' ' tag='520'><subfield code='a'>Portrait of the famous Persian miniaturist Riz̤ā ʻAbbāsī by his student Muʻīn Muṣavvir. The subject wears spectacles and is holding a picture of a European which he is painting, with the implements of his craft spread around him (description by Moghadam).</subfield></datafield><datafield ind1=' ' ind2=' ' tag='541'><subfield code='c'>Gift;</subfield><subfield code='a'>Robert Garrett (Princeton Class of 1897),</subfield><subfield code='d'>1942.</subfield></datafield><datafield ind1=' ' ind2=' ' tag='530'><subfield code='a'>Also available in an electronic version.</subfield></datafield><datafield ind1=' ' ind2=' ' tag='546'><subfield code='a'>Persian.</subfield></datafield><datafield ind1='0' ind2='0' tag='600'><subfield code='a'>Riz̤ā-ʼi ʻAbbāsī,</subfield><subfield code='c'>Āqā,</subfield><subfield code='d'>approximately 1570-1635?</subfield><subfield code='v'>Portraits</subfield><subfield code='v'>Specimens.</subfield></datafield><datafield ind1=' ' ind2='7' tag='655'><subfield code='a'>Miniatures (Illuminations)</subfield><subfield code='z'>Iran</subfield><subfield code='y'>17th century.</subfield><subfield code='2'>gmgpc</subfield></datafield><datafield ind1=' ' ind2='7' tag='655'><subfield code='a'>Portraits.</subfield><subfield code='2'>lcgft</subfield><subfield code='0'>http://id.loc.gov/authorities/genreForms/gf2017027254</subfield></datafield><datafield ind1='4' ind2='1' tag='856'><subfield code='u'>http://arks.princeton.edu/ark:/88435/ff365858j</subfield></datafield><datafield ind1='1' ind2=' ' tag='880'><subfield code='6'>100-01/(3/r</subfield><subfield code='a'>مصور، معىن،</subfield><subfield code='d'>b. ca. 1617.</subfield></datafield><datafield ind1=' ' ind2=' ' tag='902'><subfield code='a'>des</subfield><subfield code='b'>o</subfield><subfield code='6'>k</subfield><subfield code='7'>m</subfield><subfield code='d'>a</subfield><subfield code='f'>0</subfield><subfield code='e'>20120126</subfield></datafield><datafield ind1='8' ind2='0' tag='852'><subfield code='0'>6853521</subfield><subfield code='b'>hsvm</subfield><subfield code='h'>Islamic Manuscripts, Garrett no. 96G</subfield><subfield code='x'>tr fr mss</subfield></datafield><datafield ind1='8' ind2=' ' tag='852'><subfield code='0'>10438002</subfield><subfield code='b'>elf1</subfield><subfield code='h'>Electronic Resource</subfield></datafield><datafield ind1=' ' ind2=' ' tag='959'><subfield code='a'>2012-01-26 11:37:23 +0000</subfield></datafield></record>
